5051 4057
650 286 2281 387 pets omkring 300 tt. zink, värdt
629 371 2233 467 25 öre ℔, hvilken Zink förvarats i
629 456 2303 552 en honom tillhörig tillåst smedja,
629 541 2255 642 belägen å ofvanberörde ställe, så¬
629 626 2345 727 har, efter det att af det tillgripne åter
607 711 2324 855 funnits 190 ℔. hos Lumphandlan¬
607 796 2324 940 den Tobias Johansson i huset No 138
607 903 2324 1046 af Mjs 3dje Rote, och 70 ℔ hos Lump¬
607 988 2303 1104 handlanden C. Svensson i huset No
607 1073 2281 1237 80 af Mjs 2dra Rote, Poliskonstapeln
607 1158 2303 1322 No 70 Larsson den 6 ds för detta till¬
607 1243 2324 1402 grepp anhållit ynglingen Gustaf
607 1349 2239 1471 Adolf Carling, hvilken vid det
2032 1413 2345 1492 vidgått
607 1455 2303 1577 med honom anstäldt förhör upp¬
607 1540 2324 1662 gifvit, att han, som bott i Sandvi¬
586 1625 2281 1742 ken hos sin faller Arbetskarlen Carl
607 1710 2260 1854 Johan Carling, hvit för sistl. Jul
607 1795 2297 1939 vid flera olika tillfällen der till
607 1880 2324 2024 gripit Ling ur Hellgrens medja¬
607 1965 2324 2109 dit han beredt sig inträde medelst
607 2072 2324 2194 att inkrypa genom en å ena väg¬
607 2157 2297 2279 gen befintlig glugg; att han i min¬
607 2263 2281 2385 dra partin till Lumphandlarne.
607 2348 2218 2470 Johansson och Svensson sålt den
607 2433 2303 2555 tillgripne zinken, hvarvid han be¬
586 2518 2303 2640 hemmet 6 öre för ℔; att då Johans¬
586 2603 2303 2747 son, fordrat innan han köpte något,
586 2709 2239 2810 fordrat, att Carling skulle visa
586 2794 2303 2895 hvarifrån han bekommit den ut¬
586 2901 2303 3002 bjudna zinken, han i en diktad per¬
586 2986 2239 3087 sons namn, som han uppgaf vara
586 3071 2303 3193 sin fader, skrifvit bilagde intyg
607 3156 2260 3241 hvarvid han tillika förklarat,
586 3241 2255 3363 att fadren, som vore egare af rialen
586 3326 2303 3448 men sängliggande sjuk, uppdragit
607 3411 2324 3512 åt honom att försälja densamma,
650 3517 2281 3639 Lumphandlarne Johansson och
2792 287 4484 366 Svensson,  hafva uppger som jemväl
2747 377 4394 485 blifvit hörde, hafva uppgifvit att
2747 468 4484 564 de af Carling, på sätt kan uppgifvet
2747 558 4456 632 berättat, köpt de hos den anträf¬
2747 649 4439 757 fade partier Zink; Svensson med
2747 717 4462 824 tillägg att som han sett det af
2747 807 4462 915 Carling till Johansson lemnade
2769 898 4484 1006 intyget han icke haft någon anled¬
2747 989 4507 1119 ning att misstänka Carlings åt
2747 1102 3760 1187 komst till zinken.
2860 1170 4484 1300 På grund af hvad sålunda förekom¬
2747 1238 4462 1368 mit, kommer Gustaf Adolf Car¬
2747 1328 4462 1453 ling, hvilken blifvit till Cellfän¬
2747 1419 4462 1549 gelset införpassad, att denna dag
2747 1509 4394 1662 inför Pkn inställas. Gtbg den 9.
2769 1645 3330 1747 Jan. 1874.
2747 1781 4439 1934 Sedan Bryggaren L. Börjesson boende i
2769 1917 4462 2047 huset No 66 vid Fattighusgatan, den 10de
2769 2030 4416 2160 ds anmält, att den 1 eller 2 i denna
2769 2143 4462 2268 månad å kajen vid Lilla Bommens
2769 2279 4507 2409 hamn å den plats der Ångbåten Lilla
2792 2369 4501 2522 Edet brukar vara förtöjdt från honom
2769 2505 4462 2652 tillgripits 139 st hela tombuteljer, för¬
2769 2618 4416 2743 varade i två särskilda lådor, som
2747 2709 4484 2862 uppbrutits, så hafva Konstaplarne J. E¬
2747 2845 4484 2958 Jönsson och Ed. Haedge för detta till¬
2747 2958 4479 3105 grepp anhållit för snatteri straffade Olof
2747 3071 4507 3247 Peter Andersson från Romelanda socken
2747 3207 4416 3337 och arbetskarlen August Andersson
2747 3298 4416 3473 båda i saknad af bostad, hvilka vid
2747 3411 4484 3632 det med dem anställde förhör uppgifvit
2747 3569 4416 3745 Olof Peter Andersson, att han den 2 ds
2747 3705 4484 3875 på e. m. sammanträffat med Asylhjonen
